@@misc{libdamiao,
author = {{I.F.F. dos SANTOS}},
month = {8},
title = {libdamiao},
url = {https://github.com/ismaeldamiao/libdamiao},
year = {2021}
}
